

@article {CashenLevitt2016,
    AUTHOR = {Cashen, Christopher H. and Levitt, Gilbert},
     TITLE = {Mapping tori of free group automorphisms, and the
              {B}ieri-{N}eumann-{S}trebel invariant of graphs of groups},
   JOURNAL = {J. Group Theory},
  FJOURNAL = {Journal of Group Theory},
    VOLUME = {19},
      YEAR = {2016},
    NUMBER = {2},
     PAGES = {191--216},
      ISSN = {1433-5883},
   MRCLASS = {20E06 (20E05 20E36 20J05)},
  MRNUMBER = {3466593},
MRREVIEWER = {Witold Tomaszewski},
       DOI = {10.1515/jgth-2015-0038},
       URL = {https://ezproxy-prd.bodleian.ox.ac.uk:2102/10.1515/jgth-2015-0038},
}

@article {HW,
    AUTHOR = {Hagen, Mark F. and Wise, Daniel T.},
     TITLE = {Cubulating hyperbolic free-by-cyclic groups: the general case},
   JOURNAL = {Geom. Funct. Anal.},
  FJOURNAL = {Geometric and Functional Analysis},
    VOLUME = {25},
      YEAR = {2015},
    NUMBER = {1},
     PAGES = {134--179},
      ISSN = {1016-443X},
   MRCLASS = {20F65 (20F67 57M20)},
  MRNUMBER = {3320891},
MRREVIEWER = {Vassilis Metaftsis},
       DOI = {10.1007/s00039-015-0314-y},
       URL = {https://doi.org/10.1007/s00039-015-0314-y},
}
		
		
@misc{HughesKielak2022,
  doi = {10.48550/ARXIV.2206.11347},
  
  url = {https://arxiv.org/abs/2206.11347},
  
  author = {Hughes, Sam and Kielak, Dawid},
  
  keywords = {Group Theory (math.GR), Geometric Topology (math.GT), FOS: Mathematics, FOS: Mathematics, 20J05, 20E18, 20F67},
  
  title = {Profinite rigidity of fibring},
  
  publisher = {arXiv},
  
  year = {2022},
  
  copyright = {arXiv.org perpetual, non-exclusive license}
}


@article {NW,
    AUTHOR = {Niblo, Graham A. and Wise, Daniel T.},
     TITLE = {Subgroup separability, knot groups and graph manifolds},
   JOURNAL = {Proc. Amer. Math. Soc.},
  FJOURNAL = {Proceedings of the American Mathematical Society},
    VOLUME = {129},
      YEAR = {2001},
    NUMBER = {3},
     PAGES = {685--693},
      ISSN = {0002-9939},
   MRCLASS = {20F34 (20E26 57M05 57M25)},
  MRNUMBER = {1707529},
MRREVIEWER = {Darren D. Long},
       DOI = {10.1090/S0002-9939-00-05574-X},
       URL = {https://doi.org/10.1090/S0002-9939-00-05574-X},
}


@article {BKS,
    AUTHOR = {Burns, R. G. and Karrass, A. and Solitar, D.},
     TITLE = {A note on groups with separable finitely generated subgroups},
   JOURNAL = {Bull. Austral. Math. Soc.},
  FJOURNAL = {Bulletin of the Australian Mathematical Society},
    VOLUME = {36},
      YEAR = {1987},
    NUMBER = {1},
     PAGES = {153--160},
      ISSN = {0004-9727},
   MRCLASS = {20E26 (20E06 20F34 57M05 57M25)},
  MRNUMBER = {897431},
MRREVIEWER = {Ian M. Chiswell},
       DOI = {10.1017/S0004972700026393},
       URL = {https://doi.org/10.1017/S0004972700026393},
}



@article {M,
    AUTHOR = {Macura, Nata\v{s}a},
     TITLE = {Detour functions and quasi-isometries},
   JOURNAL = {Q. J. Math.},
  FJOURNAL = {The Quarterly Journal of Mathematics},
    VOLUME = {53},
      YEAR = {2002},
    NUMBER = {2},
     PAGES = {207--239},
      ISSN = {0033-5606},
   MRCLASS = {20F65 (20F69)},
  MRNUMBER = {1909513},
MRREVIEWER = {Athanase Papadopoulos},
       DOI = {10.1093/qjmath/53.2.207},
       URL = {https://doi.org/10.1093/qjmath/53.2.207},
}

@article {DL,
    AUTHOR = {Dahmani, Fran\c{c}ois and Li, Ruoyu},
     TITLE = {Relative hyperbolicity for automorphisms of free products and
              free groups},
   JOURNAL = {J. Topol. Anal.},
  FJOURNAL = {Journal of Topology and Analysis},
    VOLUME = {14},
      YEAR = {2022},
    NUMBER = {1},
     PAGES = {55--92},
      ISSN = {1793-5253},
   MRCLASS = {20F67 (20F34 20F65)},
  MRNUMBER = {4411100},
       DOI = {10.1142/S1793525321500011},
       URL = {https://doi.org/10.1142/S1793525321500011},
}

@article {DT,
    AUTHOR = {Dunfield, Nathan M. and Thurston, Dylan P.},
     TITLE = {A random tunnel number one 3-manifold does not fiber over the
              circle},
   JOURNAL = {Geom. Topol.},
  FJOURNAL = {Geometry and Topology},
    VOLUME = {10},
      YEAR = {2006},
     PAGES = {2431--2499},
      ISSN = {1465-3060},
   MRCLASS = {57M50 (20F05 57N10 57R22)},
  MRNUMBER = {2284062},
MRREVIEWER = {Bruno P. Zimmermann},
       DOI = {10.2140/gt.2006.10.2431},
       URL = {https://doi.org/10.2140/gt.2006.10.2431},
}

@article {Levitt,
    AUTHOR = {Levitt, Gilbert},
     TITLE = {Counting growth types of automorphisms of free groups},
   JOURNAL = {Geom. Funct. Anal.},
  FJOURNAL = {Geometric and Functional Analysis},
    VOLUME = {19},
      YEAR = {2009},
    NUMBER = {4},
     PAGES = {1119--1146},
      ISSN = {1016-443X},
   MRCLASS = {20E36 (20E05 20E08 20F65)},
  MRNUMBER = {2570318},
MRREVIEWER = {Arnaud Hilion},
       DOI = {10.1007/s00039-009-0016-4},
       URL = {https://ezproxy-prd.bodleian.ox.ac.uk:2102/10.1007/s00039-009-0016-4},
}



@incollection {Gromov1993,
    AUTHOR = {Gromov, M.},
     TITLE = {Asymptotic invariants of infinite groups},
 BOOKTITLE = {Geometric group theory, {V}ol. 2 ({S}ussex, 1991)},
    SERIES = {London Math. Soc. Lecture Note Ser.},
    VOLUME = {182},
     PAGES = {1--295},
 PUBLISHER = {Cambridge Univ. Press, Cambridge},
      YEAR = {1993},
   MRCLASS = {20F32 (57M07)},
  MRNUMBER = {1253544},
}
		

@incollection {LNW,
    AUTHOR = {Leary, Ian J. and Niblo, Graham A. and Wise, Daniel T.},
     TITLE = {Some free-by-cyclic groups},
 BOOKTITLE = {Groups {S}t. {A}ndrews 1997 in {B}ath, {II}},
    SERIES = {London Math. Soc. Lecture Note Ser.},
    VOLUME = {261},
     PAGES = {512--516},
 PUBLISHER = {Cambridge Univ. Press, Cambridge},
      YEAR = {1999},
   MRCLASS = {20E25},
  MRNUMBER = {1676647},
MRREVIEWER = {D. L. Johnson},
       DOI = {10.1017/CBO9780511666148.014},
       URL = {https://doi.org/10.1017/CBO9780511666148.014},
}
@article {Kielak,
    AUTHOR = {Kielak, Dawid},
     TITLE = {Residually finite rationally solvable groups and virtual
              fibring},
   JOURNAL = {J. Amer. Math. Soc.},
  FJOURNAL = {Journal of the American Mathematical Society},
    VOLUME = {33},
      YEAR = {2020},
    NUMBER = {2},
     PAGES = {451--486},
      ISSN = {0894-0347},
   MRCLASS = {20F65 (16S35 20E26 20J05 57M10)},
  MRNUMBER = {4073866},
MRREVIEWER = {Thomas Koberda},
       DOI = {10.1090/jams/936},
       URL = {https://ezproxy-prd.bodleian.ox.ac.uk:2102/10.1090/jams/936},
}



@article {KKW,
    AUTHOR = {Kielak, Dawid and Kropholler, Robert and Wilkes, Gareth},
     TITLE = {{$\ell^2$}-{B}etti numbers and coherence of random groups},
   JOURNAL = {J. Lond. Math. Soc. (2)},
  FJOURNAL = {Journal of the London Mathematical Society. Second Series},
    VOLUME = {106},
      YEAR = {2022},
    NUMBER = {1},
     PAGES = {425--445},
      ISSN = {0024-6107},
   MRCLASS = {20F65},
  MRNUMBER = {4454494},
       DOI = {10.1112/jlms.12579},
       URL = {https://doi.org/10.1112/jlms.12579},
}

@phdthesis{Sikorav,
  author       = {Sikorav, J.-C.}, 
  title        = {Homologie de Novikov associ\'{e}e \`{a} une classe de cohomologie r\'{e}elle de degr\'{e} un},
  school       = {Universit\'{e} Paris-Sud},
  year         = 1987,
}

@article {BNS,
    AUTHOR = {Bieri, Robert and Neumann, Walter D. and Strebel, Ralph},
     TITLE = {A geometric invariant of discrete groups},
   JOURNAL = {Invent. Math.},
  FJOURNAL = {Inventiones Mathematicae},
    VOLUME = {90},
      YEAR = {1987},
    NUMBER = {3},
     PAGES = {451--477},
      ISSN = {0020-9910},
   MRCLASS = {20J05 (22E40 57R19)},
  MRNUMBER = {914846},
MRREVIEWER = {Peter H. Kropholler},
       DOI = {10.1007/BF01389175},
       URL = {https://ezproxy-prd.bodleian.ox.ac.uk:2102/10.1007/BF01389175},
}

@incollection {LNW,
    AUTHOR = {Leary, Ian J. and Niblo, Graham A. and Wise, Daniel T.},
     TITLE = {Some free-by-cyclic groups},
 BOOKTITLE = {Groups {S}t. {A}ndrews 1997 in {B}ath, {II}},
    SERIES = {London Math. Soc. Lecture Note Ser.},
    VOLUME = {261},
     PAGES = {512--516},
 PUBLISHER = {Cambridge Univ. Press, Cambridge},
      YEAR = {1999},
   MRCLASS = {20E25},
  MRNUMBER = {1676647},
MRREVIEWER = {D. L. Johnson},
       DOI = {10.1017/CBO9780511666148.014},
       URL = {https://ezproxy-prd.bodleian.ox.ac.uk:2102/10.1017/CBO9780511666148.014},
}

@article {Hall,
    AUTHOR = {Hall, Jr., Marshall},
     TITLE = {Coset representations in free groups},
   JOURNAL = {Trans. Amer. Math. Soc.},
  FJOURNAL = {Transactions of the American Mathematical Society},
    VOLUME = {67},
      YEAR = {1949},
     PAGES = {421--432},
      ISSN = {0002-9947},
   MRCLASS = {20.0X},
  MRNUMBER = {32642},
MRREVIEWER = {F. W. Levi},
       DOI = {10.2307/1990483},
       URL = {https://ezproxy-prd.bodleian.ox.ac.uk:2102/10.2307/1990483},
}

@article {Wise,
    AUTHOR = {Wise, Daniel T.},
     TITLE = {Subgroup separability of graphs of free groups with cyclic
              edge groups},
   JOURNAL = {Q. J. Math.},
  FJOURNAL = {The Quarterly Journal of Mathematics},
    VOLUME = {51},
      YEAR = {2000},
    NUMBER = {1},
     PAGES = {107--129},
      ISSN = {0033-5606},
   MRCLASS = {20E26 (20F65 57M07)},
  MRNUMBER = {1760573},
MRREVIEWER = {Ilya Kapovich},
       DOI = {10.1093/qmathj/50.1.107},
       URL = {https://ezproxy-prd.bodleian.ox.ac.uk:2102/10.1093/qmathj/50.1.107},
}

@article {NM,
    AUTHOR = {Andrew, Naomi and Martino, Armando},
     TITLE = {Free-by-cyclic groups, automorphisms and actions on nearly
              canonical trees},
   JOURNAL = {J. Algebra},
  FJOURNAL = {Journal of Algebra},
    VOLUME = {604},
      YEAR = {2022},
     PAGES = {451--495},
      ISSN = {0021-8693},
   MRCLASS = {20E08 (20E05 20E36)},
  MRNUMBER = {4414821},
       DOI = {10.1016/j.jalgebra.2022.03.033},
       URL = {https://ezproxy-prd.bodleian.ox.ac.uk:2102/10.1016/j.jalgebra.2022.03.033},
}